<record><leader>00000cas a2200000 a 4500</leader><controlfield tag="001">17435054</controlfield><controlfield tag="008">880205d19361950ohuwr ne      0   a0eng d</controlfield><datafield ind1=" " ind2=" " tag="010"><subfield code="a">sn 91069263 </subfield></datafield><datafield ind1=" " ind2=" " tag="040"><subfield code="a">OBE</subfield><subfield code="b">eng</subfield><subfield code="c">OBE</subfield><subfield code="d">ONP</subfield><subfield code="d">OCL</subfield><subfield code="d">OCLCQ</subfield></datafield><datafield ind1=" " ind2=" " tag="042"><subfield code="a">msc</subfield></datafield><datafield ind1=" " ind2=" " tag="092"><subfield code="a">070.1</subfield><subfield code="b">Ob23</subfield></datafield><datafield ind1="0" ind2=" " tag="130"><subfield code="a">Oberlin times (Oberlin, Ohio : 1936)</subfield></datafield><datafield ind1="1" ind2="4" tag="245"><subfield code="a">The Oberlin times.</subfield></datafield><datafield ind1=" " ind2=" " tag="260"><subfield code="a">Oberlin, Ohio :</subfield><subfield code="b">John Lambert Kinney,</subfield><subfield code="c">1936-1950.</subfield></datafield><datafield ind1=" " ind2=" " tag="300"><subfield code="a">v.</subfield></datafield><datafield ind1=" " ind2=" " tag="310"><subfield code="a">Weekly</subfield></datafield><datafield ind1="0" ind2=" " tag="362"><subfield code="a">Vol. 1, no. 1 (Nov. 12, 1936)-v. 14, no. 46 (Sept. 7, 1950).</subfield></datafield><datafield ind1=" " ind2=" " tag="500"><subfield code="a">Editors: Carl W. Kinney, 1936-Feb. 5, 1948, Feb. 2, 1950-Sept. 7, 1950; Mrs. Rebecca N. Kinney, Feb. 12, 1948-Dec. 8, 1949; Jonah Kalb, Dec. 15, 1949-Jan. 26, 1950.</subfield></datafield><datafield ind1="1" ind2=" " tag="700"><subfield code="a">Kinney, Carl W.</subfield></datafield><datafield ind1="1" ind2=" " tag="700"><subfield code="a">Kinney, Rebecca N.</subfield></datafield><datafield ind1="1" ind2=" " tag="700"><subfield code="a">Kalb, Jonah.</subfield></datafield><datafield ind1=" " ind2=" " tag="752"><subfield code="a">United States</subfield><subfield code="b">Ohio</subfield><subfield code="c">Lorain</subfield><subfield code="d">Oberlin.</subfield></datafield><datafield ind1="1" ind2=" " tag="029"><subfield code="a">AU@</subfield><subfield code="b">000025865905</subfield></datafield></record>